<record xmlns="http://www.loc.gov/MARC21/slim" xmlns:xsi="http://www.w3.org/2001/XMLSchema-instance" xsi:schemaLocation="http://www.loc.gov/MARC21/slim http://www.loc.gov/standards/marcxml/schema/MARC21slim.xsd">

  <leader>00818nam a2200217Ia 4500</leader>
  <datafield tag="999" ind2=" " ind1=" ">
    <subfield code="c">2342</subfield>
    <subfield code="d">2342</subfield>
  </datafield>
  <controlfield tag="008">170922b2003    cr ||||| |||| 00| | spa d</controlfield>
  <datafield tag="090" ind1=" " ind2=" ">
    <subfield code="a">19.01.06 </subfield>
    <subfield code="b">1181 CD#13</subfield>
  </datafield>
  <datafield ind2=" " ind1="1" tag="100">
    <subfield code="9">3193</subfield>
    <subfield code="a">Muñoz Justicia, Juan</subfield>
  </datafield>
  <datafield ind1="1" ind2="0" tag="245">
    <subfield code="a">Análisis cualitativo de datos textuales con ATLAS Ti / </subfield>
    <subfield code="c">Juan Muñoz Justicia</subfield>
  </datafield>
  <datafield tag="260" ind1=" " ind2=" ">
    <subfield code="a">[Lugar de publicación no identificado] :</subfield>
    <subfield code="b">Juan Manuel Muñoz,</subfield>
    <subfield code="c">2003</subfield>
  </datafield>
  <datafield tag="300" ind1=" " ind2=" ">
    <subfield code="a">98 páginas</subfield>
  </datafield>
  <datafield tag="500" ind2=" " ind1=" ">
    <subfield code="a">Incluye el CD #13. Incluye videos de entreamiento: Atlas Ti, The Etnograph, NVivo7,Software Shop, Una presentación titulada: Curso-taller introductorio de la herramienta atlas.ti para el manejo de informacion cualitativa;  contiene el documento  el documento en pdf con el mismo Título. Tambíen este CD contiene el artículo en pdf "Diálogo Entre lo Cuantitativo y lo Cualitativo en la Investigación Científica. El Desafío de la Triangulación" 
</subfield>
  </datafield>
  <datafield ind1="1" ind2="4" tag="650">
    <subfield code="a">ANÁLISIS DE DATOS </subfield>
    <subfield code="9">903</subfield>
  </datafield>
  <datafield tag="650" ind2="4" ind1="1">
    <subfield code="a">ANÁLISIS CUALITATIVO</subfield>
    <subfield code="9">1055</subfield>
  </datafield>
  <datafield tag="650" ind2="4" ind1="1">
    <subfield code="a">MANUALES </subfield>
    <subfield code="9">426</subfield>
  </datafield>
  <datafield tag="942" ind1=" " ind2=" ">
    <subfield code="2">z</subfield>
    <subfield code="c">01</subfield>
  </datafield>
</record>